<record><leader>00000cas a22000007a 4500</leader><controlfield tag="001">11852945</controlfield><controlfield tag="008">850327c198u9999iluwr n       0   a0eng d</controlfield><datafield ind1=" " ind2=" " tag="010"><subfield code="a">sn 85009785 </subfield></datafield><datafield ind1=" " ind2=" " tag="040"><subfield code="a">NSD</subfield><subfield code="b">eng</subfield><subfield code="c">NSD</subfield><subfield code="d">OCLCQ</subfield></datafield><datafield ind1=" " ind2=" " tag="012"><subfield code="m">y</subfield></datafield><datafield ind1="1" ind2=" " tag="022"><subfield code="a">8750-832X</subfield><subfield code="l">8750-832X</subfield><subfield code="y">0747-0657</subfield><subfield code="2">1</subfield></datafield><datafield ind1=" " ind2=" " tag="032"><subfield code="a">603630</subfield><subfield code="b">USPS</subfield></datafield><datafield ind1=" " ind2=" " tag="037"><subfield code="b">Image Enterprises, Ltd., 659 W. 10th Ave., Milan, IL 61264</subfield></datafield><datafield ind1=" " ind2=" " tag="042"><subfield code="a">nsdp</subfield></datafield><datafield ind1=" " ind2="0" tag="222"><subfield code="a">River cities reader</subfield></datafield><datafield ind1="0" ind2="0" tag="245"><subfield code="a">River cities reader.</subfield></datafield><datafield ind1="3" ind2="0" tag="246"><subfield code="a">Reader</subfield></datafield><datafield ind1=" " ind2=" " tag="260"><subfield code="a">Milan, IL :</subfield><subfield code="b">Image Enterprises</subfield></datafield><datafield ind1=" " ind2=" " tag="310"><subfield code="a">Weekly</subfield></datafield><datafield ind1=" " ind2=" " tag="588"><subfield code="a">Description based on: Vol. 4, no. 39 (Feb. 7, 1985).</subfield></datafield><datafield ind1=" " ind2=" " tag="752"><subfield code="a">United States</subfield><subfield code="b">Illinois</subfield><subfield code="c">Rock Island</subfield><subfield code="d">Milan.</subfield></datafield><datafield ind1="0" ind2="0" tag="780"><subfield code="t">Milan mirror</subfield><subfield code="x">0747-0657</subfield></datafield><datafield ind1=" " ind2=" " tag="936"><subfield code="a">Feb. 7, 1985</subfield></datafield><datafield ind1="1" ind2=" " tag="029"><subfield code="a">AU@</subfield><subfield code="b">000025839805</subfield></datafield></record>